%% This BibTeX bibliography file was created using BibDesk.
%% http://bibdesk.sourceforge.net/

%% Created for Me at 2017-09-26 10:40:35 +0100 


%% Saved with string encoding Unicode (UTF-8) 



@electronic{Ng-Coursera-2016,
	Author = {Ng},
	Title = {Stanford Course on Machine Learning},
	Url = {https://www.coursera.org/learn/machine-learning},
	Year = {2016},
	Bdsk-Url-1 = {https://www.coursera.org/learn/machine-learning}}
    
@electronic{VincentVanhoucke-Udacity-2016,
	Author = {Vincent Vanhoucke},
	Title = {Udacity Course on Machine Learning},
	Url = {https://www.udacity.com/course/deep-learning--ud730},
	Year = {2016},
	Bdsk-Url-1 = {https://www.udacity.com/course/deep-learning--ud730}}

@article{goodfellow_GAN_2014,
	Author = {Goodfellow, Ian J. and Pouget-Abadie, Jean and Mirza, Mehdi and Xu, Bing and Warde-Farley, David and Ozair, Sherjil and Courville, Aaron and Bengio, Yoshua},
	Journal = {arXiv preprint arXiv:1406.2661},
	Keywords = {Learning, Machine deep generative learning learning, model, unsupervised},
	Title = {Generative Adversarial Networks},
	Url = {https://arxiv.org/abs/1406.2661},
	Year = 2014,
	Bdsk-Url-1 = {https://arxiv.org/abs/1406.2661}}

@article{donahue2016bigan,
	Author = {Donahue, Jeff and Kr\"ahenb\"uhl, Philipp and Darrell, Trevor},
	Journal = {arXiv preprint arXiv:1605.09782},
	Title = {Adversarial Feature Learning},
	Url = {https://arxiv.org/abs/1602.02830},
	Year = {2016},
	Bdsk-Url-1 = {https://arxiv.org/abs/1602.02830}}

@article{russakovsky2014imagenet,
  title={Imagenet large scale visual recognition challenge. arXiv preprint arXiv: 14090575},
  author={Russakovsky, O and Deng, J and Su, H and Krause, J and Satheesh, S and Ma, S and Huang, Z and Karpathy, A and Khosla, A and Bernstein, M and others},
  year={2014}
}

@article{everingham2015pascal,
  title={The pascal visual object classes challenge: A retrospective},
  author={Everingham, Mark and Eslami, SM Ali and Van Gool, Luc and Williams, Christopher KI and Winn, John and Zisserman, Andrew},
  journal={International journal of computer vision},
  volume={111},
  number={1},
  pages={98--136},
  year={2015},
  publisher={Springer}
}

@article{DCGAN2015,
	Author = {Alec Radford and Luke Metz and Soumith Chintala},
	Journal = {arXiv preprint arXiv:1511.06434},
	Title = {Unsupervised Representation Learning with Deep Convolutional Generative Adversarial Networks},
	Url = {https://arxiv.org/abs/1511.06434},
	Year = {2015},
	Bdsk-Url-1 = {https://arxiv.org/abs/1511.06434}}

@article{vincent2010stacked,
  title={Stacked denoising autoencoders: Learning useful representations in a deep network with a local denoising criterion},
  author={Vincent, Pascal and Larochelle, Hugo and Lajoie, Isabelle and Bengio, Yoshua and Manzagol, Pierre-Antoine},
  journal={Journal of Machine Learning Research},
  volume={11},
  number={Dec},
  pages={3371--3408},
  year={2010}
}

@article{hinton2006reducing,
  title={Reducing the dimensionality of data with neural networks},
  author={Hinton, Geoffrey E and Salakhutdinov, Ruslan R},
  journal={science},
  volume={313},
  number={5786},
  pages={504--507},
  year={2006},
  publisher={American Association for the Advancement of Science}
}

@inproceedings{pathak2016context,
  title={Context encoders: Feature learning by inpainting},
  author={Pathak, Deepak and Krahenbuhl, Philipp and Donahue, Jeff and Darrell, Trevor and Efros, Alexei A},
  booktitle={Proceedings of the IEEE Conference on Computer Vision and Pattern Recognition},
  pages={2536--2544},
  year={2016}
}

@article{kingma2013auto,
  title={Auto-encoding variational bayes},
  author={Kingma, Diederik P and Welling, Max},
  journal={arXiv preprint arXiv:1312.6114},
  year={2013}
}

@article{makhzani2015adversarial,
  title={Adversarial autoencoders},
  author={Makhzani, Alireza and Shlens, Jonathon and Jaitly, Navdeep and Goodfellow, Ian and Frey, Brendan},
  journal={arXiv preprint arXiv:1511.05644},
  year={2015}
}

@ieeetranbstctl{IEEEexample:BSTcontrol,
	Ctlalt_Stretch_Factor = {4},
	Ctldash_Repeated_Names = {yes},
	Ctlmax_Names_Forced_Etal = {10},
	Ctlname_Format_String = {{f.~}{vv~}{ll}{, jj}},
	Ctlname_Url_Prefix = {[Online]. Available:},
	Ctlnames_Show_Etal = {1},
	Ctluse_Alt_Spacing = {yes},
	Ctluse_Article_Number = {yes},
	Ctluse_Forced_Etal = {no},
	Ctluse_Paper = {yes},
	Ctluse_Url = {yes}}
