%% This BibTeX bibliography file was created using BibDesk.
%% http://bibdesk.sourceforge.net/

%% Created for Me at 2017-09-26 10:40:35 +0100 


%% Saved with string encoding Unicode (UTF-8) 



@article{DCGAN2015,
	Author = {Alec Radford and Luke Metz and Soumith Chintala},
	Journal = {arXiv preprint arXiv:1511.06434},
	Title = {Unsupervised Representation Learning with Deep Convolutional Generative Adversarial Networks},
	Url = {https://arxiv.org/abs/1511.06434},
	Year = {2015},
	Bdsk-Url-1 = {https://arxiv.org/abs/1511.06434}}

@article{Courbariaux2016,
	Author = {Matthieu Courbariaux and Itay Hubara and Daniel Soudry and Ran El-Yaniv and Yoshua Bengio},
	Journal = {arXiv preprint arXiv:1602.02830},
	Title = {Binarized Neural Networks: Training Deep Neural Networks with Weights and Activations Constrained to +1 or -1},
	Url = {https://arxiv.org/abs/1602.02830},
	Year = {2016},
	Bdsk-Url-1 = {https://arxiv.org/abs/1602.02830}}

@article{goodfellow_GAN_2014,
	Author = {Goodfellow, Ian J. and Pouget-Abadie, Jean and Mirza, Mehdi and Xu, Bing and Warde-Farley, David and Ozair, Sherjil and Courville, Aaron and Bengio, Yoshua},
	Journal = {arXiv preprint arXiv:1406.2661},
	Keywords = {Learning, Machine deep generative learning learning, model, unsupervised},
	Title = {Generative Adversarial Networks},
	Url = {https://arxiv.org/abs/1406.2661},
	Year = 2014,
	Bdsk-Url-1 = {https://arxiv.org/abs/1406.2661}}

@article{donahue2016bigan,
	Author = {Donahue, Jeff and Kr\"ahenb\"uhl, Philipp and Darrell, Trevor},
	Journal = {arXiv preprint arXiv:1605.09782},
	Title = {Adversarial Feature Learning},
	Url = {https://arxiv.org/abs/1602.02830},
	Year = {2016},
	Bdsk-Url-1 = {https://arxiv.org/abs/1602.02830}}

@article{YannLecun-98,
	Author = {LeCun, Y. and Bottou, L. and Bengio, Y. and Haffner, P.},
	Journal = {Proceedings of the IEEE},
	Month = {November},
	Number = {11},
	Original = {orig/lecun-98.ps.gz},
	Pages = {2278-2324},
	Title = {Gradient-Based Learning Applied to Document Recognition},
	Volume = {86},
	Year = 1998}

@electronic{NMIST-dataset,
	Author = {Yann LeCun and Corinna Cortes and Christopher J.C. Burges},
	Title = {{NMIST} dataset},
	Url = {http://yann.lecun.com/exdb/mnist/},
	Year = {2016},
	Bdsk-Url-1 = {http://yann.lecun.com/exdb/mnist/}}

@article{Werner-2011,
	Author = {Werner, M. and Kessel, M. and Marouane, C.},
	Journal = {Int. Conf. on Indoor Positioning and Indoor Navigation (IPIN)},
	Number = {1--6},
	Title = {Indoor positioning using smartphone camera},
	Year = 2011}

@article{Miikkulainen2017,
	Author = {Risto Miikkulainen and Jason Zhi Liang and Elliot Meyerson and Aditya Rawal and Dan Fink and Olivier Francon and Bala Raju and Hormoz Shahrzad and Arshak Navruzyan and Nigel Duffy and Babak Hodjat},
	Bibsource = {dblp computer science bibliography, http://dblp.org},
	Biburl = {http://dblp.org/rec/bib/journals/corr/MiikkulainenLMR17},
	Journal = {CoRR},
	Timestamp = {Wed, 07 Jun 2017 01:00:00 +0200},
	Title = {Evolving Deep Neural Networks},
	Url = {http://arxiv.org/abs/1703.00548},
	Volume = {abs/1703.00548},
	Year = {2017},
	Bdsk-Url-1 = {http://arxiv.org/abs/1703.00548}}

@article{Schmidhuber2015,
	Author = {J. Schmidhuber},
	Doi = {10.1016/j.neunet.2014.09.003},
	Journal = {Neural Networks},
	Note = {Published online 2014; based on TR arXiv:1404.7828 [cs.NE]},
	Pages = {85-117},
	Title = {Deep Learning in Neural Networks: An Overview},
	Volume = {61},
	Year = {2015},
	Bdsk-Url-1 = {http://dx.doi.org/10.1016/j.neunet.2014.09.003}}

@electronic{GAN_refs_2016,
	Author = {Holger Caesar},
	Title = {A list of papers and other resources on Generative Adversarial Networks},
	Url = {https://github.com/nightrome/really-awesome-gan},
	Year = {2016},
	Bdsk-Url-1 = {https://github.com/nightrome/really-awesome-gan}}

@electronic{Regard3D,
	Author = {Regard3D},
	Title = {Regard3D},
	Url = {http://www.regard3d.org},
	Year = {2016},
	Bdsk-Url-1 = {http://www.regard3d.org}}

@electronic{Pix4D,
	Author = {Pix4D},
	Title = {Pix4D},
	Url = {http://pix4d.com},
	Year = {2016},
	Bdsk-Url-1 = {http://pix4d.com}}

@electronic{CapturingReality,
	Author = {CapturingReality},
	Title = {CapturingReality},
	Url = {http://www.capturingreality.com},
	Year = {2016},
	Bdsk-Url-1 = {http://www.capturingreality.com}}

@electronic{IEEEwebsite,
	Author = {IEEE},
	Title = {The {IEEE} Website},
	Url = {http://www.ieee.org/},
	Year = {2016},
	Bdsk-Url-1 = {http://www.ieee.org/}}

@electronic{ACMwebsite,
	Author = {ACM},
	Title = {The {ACM} Website},
	Url = {http://dl.acm.org/pubs.cfm},
	Year = {2016},
	Bdsk-Url-1 = {http://dl.acm.org/pubs.cfm}}

@electronic{Ng-Coursera-2016,
	Author = {Ng},
	Title = {Stanford Course on Machine Learning},
	Url = {https://www.coursera.org/learn/machine-learning},
	Year = {2016},
	Bdsk-Url-1 = {https://www.coursera.org/learn/machine-learning}}

@electronic{VincentVanhoucke-Udacity-2016,
	Author = {Vincent Vanhoucke},
	Title = {Udacity Course on Machine Learning},
	Url = {https://www.udacity.com/course/deep-learning--ud730},
	Year = {2016},
	Bdsk-Url-1 = {https://www.udacity.com/course/deep-learning--ud730}}

@electronic{Nvidia-DL-Course-2016,
	Author = {NVIDIA},
	Title = {Course on Deep Learning},
	Url = {https://developer.nvidia.com/deep-learning-courses},
	Year = {2016},
	Bdsk-Url-1 = {https://developer.nvidia.com/deep-learning-courses}}

@electronic{Lecun-pubs,
	Author = {Yann Lecun},
	Title = {List of Publications},
	Url = {http://yann.lecun.com/exdb/publis/index.html},
	Year = {2016},
	Bdsk-Url-1 = {http://yann.lecun.com/exdb/publis/index.html}}

@electronic{BibTeX,
	Author = {BibTeX},
	Title = {Using {\BibTeX}},
	Url = {http://www.bibtex.org/Using/},
	Year = {2016},
	Bdsk-Url-1 = {http://www.bibtex.org/Using/}}

@electronic{PaulHegarty2016,
	Author = {Hegarty, Paul},
	Title = {Developing iOS 8 Apps with Swift},
	Url = {https://itunes.apple.com/en/course/developing-ios-8-apps-swift/id961180099},
	Year = {2016},
	Bdsk-Url-1 = {https://itunes.apple.com/en/course/developing-ios-8-apps-swift/id961180099}}

@electronic{IEEEhowto:IEEEtranpage,
	Author = {Michael Shell},
	Title = {{IEEE}tran Homepage},
	Url = {http://www.michaelshell.org/tex/ieeetran/},
	Year = {2015},
	Bdsk-Url-1 = {http://www.michaelshell.org/tex/ieeetran/}}

@electronic{IEEEexample:shellCTANpage,
	Author = {Michael Shell},
	Title = {{IEEE}tran Webpage on {CTAN}},
	Url = {http://www.ctan.org/pkg/ieeetran},
	Year = {2015},
	Bdsk-Url-1 = {http://www.ctan.org/pkg/ieeetran}}

@electronic{IEEEexample:IEEEwebsite,
	Key = {IEEE},
	Title = {The {IEEE} Website},
	Url = {http://www.ieee.org/},
	Year = {2015},
	Bdsk-Url-1 = {http://www.ieee.org/}}

@electronic{IEEEexample:bibtexuser,
	Author = {Oren Patashnik},
	Howpublished = {{btxdoc.pdf}},
	Month = nov,
	Title = {{{\BibTeX}}ing},
	Url = {http://www.ctan.org/pkg/bibtex},
	Year = {2010},
	Bdsk-Url-1 = {http://www.ctan.org/pkg/bibtex}}

@electronic{IEEEexample:bibtexdesign,
	Author = {Oren Patashnik},
	Howpublished = {{btxhak.pdf}},
	Month = nov,
	Title = {Designing {{\BibTeX}} Styles},
	Url = {http://www.ctan.org/pkg/bibtex},
	Year = {2010},
	Bdsk-Url-1 = {http://www.ctan.org/pkg/bibtex}}

@electronic{IEEEexample:tamethebeast,
	Author = {Nicolas Markey},
	Month = oct,
	Title = {Tame the BeaST --- The B to X of {{\BibTeX}}},
	Url = {http://www.ctan.org/pkg/tamethebeast},
	Year = {2009},
	Bdsk-Url-1 = {http://www.ctan.org/pkg/tamethebeast}}

@electronic{IEEEexample:bibtexFAQ,
	Author = {David Hoadley and Michael Shell},
	Howpublished = {{btxFAQ.pdf}},
	Month = jan,
	Title = {{{\BibTeX}} Tips and {FAQ}},
	Url = {http://mirror.ctan.org/biblio/bibtex/contrib/doc/btxFAQ.pdf},
	Year = {2007},
	Bdsk-Url-1 = {http://mirror.ctan.org/biblio/bibtex/contrib/doc/btxFAQ.pdf}}

@electronic{IEEEexample:texfaq,
	Author = {Robin Fairbairns},
	Month = jun,
	Title = {The {{\TeX}} {FAQ}},
	Url = {http://www.tex.ac.uk/},
	Year = {2014},
	Bdsk-Url-1 = {http://www.tex.ac.uk/}}

@electronic{IEEEexample:bibtexguide,
	Author = {Ki-Joo Kim},
	Howpublished = {{bibtex\_guide.pdf}},
	Month = nov,
	Title = {A {{\BibTeX}} Guide via Examples},
	Url = {http://www.geocities.ws/kijoo2000/},
	Year = {2005},
	Bdsk-Url-1 = {http://www.geocities.ws/kijoo2000/}}

@electronic{IEEEexample:beebe_archive,
	Author = {Nelson H. F. Beebe},
	Month = dec,
	Title = {{{\TeX}} User Group Bibliography Archive},
	Url = {http://www.math.utah.edu/pub/tex/bib/index-table.html},
	Year = {2010},
	Bdsk-Url-1 = {http://www.math.utah.edu/pub/tex/bib/index-table.html}}

@electronic{IEEEexample:natbib,
	Author = {Patrick W. Daly and Arthur Ogawa},
	Month = sep,
	Title = {The natbib package},
	Url = {http://www.ctan.org/pkg/natbib},
	Year = {2010},
	Bdsk-Url-1 = {http://www.ctan.org/pkg/natbib}}

@electronic{IEEEexample:urlsty,
	Author = {Donald Arseneau},
	Month = dec,
	Title = {The url package},
	Url = {http://www.ctan.org/pkg/url},
	Year = {2013},
	Bdsk-Url-1 = {http://www.ctan.org/pkg/url}}

@electronic{IEEEexample:hyperref,
	Author = {Sebastian Rahtz and Heiko Oberdiek},
	Month = nov,
	Title = {The hyperref package},
	Url = {http://www.ctan.org/pkg/hyperref},
	Year = {2012},
	Bdsk-Url-1 = {http://www.ctan.org/pkg/hyperref}}

@electronic{IEEEexample:breakurl,
	Author = {Vilar da Camara Neto},
	Month = apr,
	Title = {The breakurl package},
	Url = {http://www.ctan.org/pkg/breakurl},
	Year = {2013},
	Bdsk-Url-1 = {http://www.ctan.org/pkg/breakurl}}

@electronic{IEEEexample:babel,
	Author = {Johannes L. Braams and Javier Bezos},
	Month = sep,
	Title = {The {Babel} package},
	Url = {http://www.ctan.org/pkg/babel},
	Year = {2014},
	Bdsk-Url-1 = {http://www.ctan.org/pkg/babel}}

@electronic{IEEEexample:multibib,
	Author = {Thorsten Hansen},
	Month = dec,
	Title = {The multibib package},
	Url = {http://www.ctan.org/pkg/multibib},
	Year = {2008},
	Bdsk-Url-1 = {http://www.ctan.org/pkg/multibib}}

@electronic{IEEEexample:biblatex,
	Author = {Philipp Lehman and Philip Kime},
	Month = apr,
	Title = {The biblatex package},
	Url = {http://www.ctan.org/pkg/biblatex},
	Year = {2015},
	Bdsk-Url-1 = {http://www.ctan.org/pkg/biblatex}}

@article{IEEEexample:article_typical,
	Author = {S. Zhang and C. Zhu and J. K. O. Sin and P. K. T. Mok},
	Journal = IEEE_J_EDL,
	Month = nov,
	Pages = {569-571},
	Title = {A Novel Ultrathin Elevated Channel Low-temperature Poly-{Si} {TFT}},
	Volume = {20},
	Year = {1999}}

@article{IEEEexample:articleetal,
	Author = {F. Delorme and others},
	Journal = {Electron. Lett.},
	Number = {15},
	Pages = {1244-1245},
	Title = {Butt-jointed {DBR} Laser With 15 {nm} Tunability Grown in Three {MOVPE} Steps},
	Volume = {31},
	Year = {1995}}

@inproceedings{IEEEexample:conf_typical,
	Address = {Nagoya, Japan},
	Author = {R. K. Gupta and S. D. Senturia},
	Booktitle = {Proc. {IEEE} International Workshop on Microelectromechanical Systems ({MEMS}'97)},
	Month = jan,
	Pages = {290-294},
	Title = {Pull-in Time Dynamics as a Measure of Absolute Pressure},
	Year = {1997}}

@book{IEEEexample:book_typical,
	Address = {Reading, MA},
	Author = {B. D. Cullity},
	Publisher = {Addison-Wesley},
	Title = {Introduction to Magnetic Materials},
	Year = {1972}}

@article{IEEEexample:articlelargepages,
	Author = {A. Castaldini and A. Cavallini and B. Fraboni and P. Fernandez and J. Piqueras},
	Journal = {Phys. Rev. B.},
	Number = {23},
	Pages = {14897-14900},
	Title = {Midgap Traps Related to Compensation Processes in {CdTe} Alloys},
	Volume = {56},
	Year = {1997}}

@article{IEEEexample:articledualmonths,
	Author = {Y. Okada and K. Dejima and T. Ohishi},
	Journal = IEEE_J_IA,
	Month = sep # {/} # oct,
	Pages = {1047-1053},
	Title = {Analysis and Comparison of {PM} Synchronous Motor and Induction Motor Type Magnetic Bearings},
	Volume = {31},
	Year = {1995}}

@misc{IEEEexample:TBPmisc,
	Author = {M. Coates and A. Hero and R. Nowak and B. Yu},
	Howpublished = IEEE_M_SP,
	Month = may,
	Note = {to be published},
	Title = {Internet Tomography},
	Year = {2002}}

@article{IEEEexample:TBParticle,
	Author = {N. Kahale and R. Urbanke},
	Journal = IEEE_J_IT,
	Title = {On the Minimum Distance of Parallel and Serially Concatenated Codes},
	Year = {submitted for publication}}

@book{IEEEexample:bookwitheditor,
	Address = {New York},
	Editor = {J. C. Candy and G. C. Temes},
	Publisher = {{IEEE} Press.},
	Title = {Oversampling Delta-Sigma Data Converters Theory, Design and Simulation},
	Year = {1992}}

@book{IEEEexample:book,
	Address = {Berlin, Germany},
	Author = {S. M. Metev and V. P. Veiko},
	Edition = {Second},
	Editor = {Osgood, Jr., R. M.},
	Publisher = {Springer-Verlag},
	Title = {Laser Assisted Microtechnology},
	Year = {1998}}

@book{IEEEexample:bookwithseriesvolume,
	Address = {Berlin, Germany},
	Editor = {J. Breckling},
	Publisher = {Springer},
	Series = {Lecture Notes in Statistics},
	Title = {The Analysis of Directional Time Series: Applications to Wind Speed and Direction},
	Volume = {61},
	Year = {1989}}

@inbook{IEEEexample:inbook,
	Address = {New York, NY},
	Author = {H. E. Rose},
	Chapter = {3},
	Publisher = {Oxford Univ. Press},
	Title = {A Course in Number Theory},
	Year = {1988}}

@inbook{IEEEexample:inbookpagesnote,
	Address = {Moscow},
	Author = {B. K. Bul},
	Note = {(in Russian)},
	Pages = {464},
	Publisher = {Energia Press},
	Title = {Theory Principles and Design of Magnetic Circuits},
	Year = {1964}}

@incollection{IEEEexample:incollection,
	Address = {Englewood Cliffs, NJ},
	Author = {W. V. Sorin},
	Booktitle = {Fiber Optic Test and Measurement},
	Editor = {D. Derickson},
	Publisher = {Prentice-Hall},
	Title = {Optical Reflectometry for Component Characterization},
	Year = {1998}}

@incollection{IEEEexample:incollectionwithseries,
	Address = {New York},
	Author = {J. B. Anderson and K. Tepe},
	Booktitle = {Codes, Systems and Graphical Models},
	Publisher = {Springer-Verlag},
	Series = {{IMA} Volumes in Mathematics and Its Applications},
	Title = {Properties of the Tailbiting {BCJR} Decoder},
	Year = {2000}}

@incollection{IEEEexample:incollection_chpp,
	Address = {Amsterdam, The Netherlands},
	Author = {P. Hedelin and P. Knagenhjelm and M. Skoglund},
	Booktitle = {Speech Coding and Synthesis},
	Chapter = {10},
	Editor = {W. B. Kleijn and K. K. Paliwal},
	Pages = {347-396},
	Publisher = {Elsevier Science},
	Title = {Theory for Transmission of Vector Quantization Data},
	Year = {1995}}

@incollection{IEEEexample:incollectionmanyauthors,
	Author = {R. M. A. Dawson and Z. Shen and D. A. Furst and S. Connor and J. Hsu and M. G. Kane and R. G. Stewart and A. Ipri and C. N. King and P. J. Green and R. T. Flegal and S. Pearson and W. A. Barrow and E. Dickey and K. Ping and C. W. Tang and S. Van. Slyke and F. Chen and J. Shi and J. C. Sturm and M. H. Lu},
	Booktitle = {{SID} Tech. Dig.},
	Pages = {11-14},
	Title = {Design of an Improved Pixel for a Polysilicon Active-Matrix Organic {LED} Display},
	Volume = {29},
	Year = {1998}}

@manual{IEEEexample:motmanual,
	Organization = {Motorola},
	Title = {{FLEXChip} Signal Processor ({MC68175/D})},
	Year = {1996}}

@manual{IEEEexample:motmanualhowpub,
	Howpublished = {{MC68175/D}},
	Organization = {Motorola},
	Title = {{FLEXChip} Signal Processor},
	Year = {1996}}

@inproceedings{IEEEexample:confwithadddays,
	Address = {Rio de Janeiro, Brazil},
	Author = {M. S. Yee and L. Hanzo},
	Booktitle = {Proc. {IEEE} Globecom '99},
	Month = dec # { 5--9,},
	Pages = {2183-2187},
	Title = {Radial Basis Function Decision Feedback Equaliser Assisted Burst-by-burst Adaptive Modulation},
	Year = {1999}}

@inproceedings{IEEEexample:confwithvolume,
	Address = {New York, NY},
	Author = {M. Yajnik and S. B. Moon and J. Kurose and D. Towsley},
	Booktitle = {Proc. {IEEE} {INFOCOM}'99},
	Month = mar,
	Pages = {345-352},
	Title = {Measurement and Modeling of the Temporal Dependence in Packet Loss},
	Volume = {1},
	Year = {1999}}

@inproceedings{IEEEexample:confwithpaper,
	Author = {M. Wegmuller and J. P. von der Weid and P. Oberson and N. Gisin},
	Booktitle = {Proc. {ECOC}'00},
	Pages = {109},
	Paper = {11.3.4},
	Title = {High Resolution Fiber Distributed Measurements With Coherent {OFDR}},
	Year = {2000}}

@inproceedings{IEEEexample:confwithpapertype,
	Author = {B. Mikkelsen and G. Raybon and R.-J. Essiambre and K. Dreyer and Y. Su. and L. E. Nelson and J. E. Johnson and G. Shtengel and A. Bond and D. G. Moodie and A. D. Ellis},
	Booktitle = {Proc. {ECOC}'99},
	Pages = {28-29},
	Paper = {2-3},
	Title = {160 {Gbit/s} Single-channel Transmission Over 300 km Nonzero-dispersion Fiber With Semiconductor Based Transmitter and Demultiplexer},
	Type = {postdeadline paper},
	Year = {1999}}

@inproceedings{IEEEexample:presentedatconf,
	Author = {S. G. Finn and M. M{\'e}dard and R. A. Barry},
	Booktitle = {Proc. Int. Conf. Commun.},
	Intype = {presented at the},
	Title = {A Novel Approach to Automatic Protection Switching Using Trees},
	Year = {1997}}

@mastersthesis{IEEEexample:masters,
	Address = {Cambridge},
	Author = {Nin C. Loh},
	School = {Massachusetts Institute of Technology},
	Title = {High-Resolution Micromachined Interferometric Accelerometer},
	Year = {1992}}

@mastersthesis{IEEEexample:masterstype,
	Address = {Bangalore, India},
	Author = {A. Karnik},
	Month = jan,
	School = {Indian Institute of Science},
	Title = {Performance of {TCP} Congestion Control with Rate Feedback: {TCP/ABR} and Rate Adaptive {TCP/IP}},
	Type = {M. Eng. thesis},
	Year = {1999}}

@phdthesis{IEEEexample:phdurl,
	Address = {Newark},
	Author = {Q. Li},
	Month = may,
	School = {Univ. of Delaware},
	Title = {Delay Characterization and Performance Control of Wide-area Networks},
	Url = {http://www.ece.udel.edu/~qli},
	Year = {2000},
	Bdsk-Url-1 = {http://www.ece.udel.edu/~qli}}

@techreport{IEEEexample:techrep,
	Address = {MA},
	Author = {R. Jain and K. K. Ramakrishnan and D. M. Chiu},
	Institution = {Digital Equipment Corporation},
	Month = aug,
	Number = {DEC-TR-506},
	Title = {Congestion Avoidance in Computer Networks with a Connectionless Network Layer},
	Year = {1987}}

@techreport{IEEEexample:techreptype,
	Address = {Amherst, MA},
	Author = {J. Padhye and V. Firoiu and D. Towsley},
	Institution = {Univ. of Massachusetts},
	Number = {99-02},
	Title = {A Stochastic Model of {TCP} {R}eno Congestion Avoidance and Control},
	Type = {CMPSCI Tech. Rep.},
	Year = {1999}}

@techreport{IEEEexample:techreptypeii,
	Author = {D. Middleton and A. D. Spaulding},
	Institution = {National Telecommunications and Information Administration ({NTIA}), U.S. Dept. of Commerce},
	Month = may,
	Number = {86-194},
	Title = {A Tutorial Review of Elements of Weak Signal Detection in Non-{G}aussian {EMI} Environments},
	Type = {NTIA Report},
	Year = {1986}}

@techreport{IEEEexample:techrepstdsub,
	Author = {S. Kandala},
	Institution = {{IEEE} 802.11 {TGe}},
	Month = oct,
	Number = {02/680r0},
	Title = {Changes to {A}nnex {D}},
	Year = {2002}}

@unpublished{IEEEexample:unpublished,
	Author = {T. J. Ott and N. Aggarwal},
	Note = {Unpublished},
	Title = {{TCP} over {ATM}: {ABR} or {UBR}}}

@electronic{IEEEexample:electronhowinfo,
	Author = {V. Jacobson},
	Howpublished = {end2end-interest mailing list},
	Month = apr,
	Title = {Modified {TCP} Congestion Avoidance Algorithm},
	Url = {ftp://ftp.isi.edu/end2end/end2end-interest-1990.mail},
	Year = {1990},
	Bdsk-Url-1 = {ftp://ftp.isi.edu/end2end/end2end-interest-1990.mail}}

@electronic{IEEEexample:electronhowinfo2,
	Author = {V. Valloppillil and K. W. Ross},
	Howpublished = {Internet draft},
	Title = {Cache Array Routing Protocol v1.1},
	Url = {http://ds1.internic.net/internet-drafts/draft-vinod-carp-v1-03.txt},
	Year = {1998},
	Bdsk-Url-1 = {http://ds1.internic.net/internet-drafts/draft-vinod-carp-v1-03.txt}}

@electronic{IEEEexample:electronorgadd,
	Address = {Haifa, Israel},
	Author = {D. H. Lorenz and A. Orda},
	Month = jul,
	Organization = {Dept. Elect. Eng., Technion},
	Title = {Optimal Partition of {QoS} Requirements on Unicast Paths and Multicast Trees},
	Url = {ftp://ftp.technion.ac.il/pub/supported/ee/Network/lor.mopq98.ps},
	Year = {1998},
	Bdsk-Url-1 = {ftp://ftp.technion.ac.il/pub/supported/ee/Network/lor.mopq98.ps}}

@patent{IEEEexample:uspat,
	Address = {Los Angeles, CA},
	Assignee = {Hughes Aircraft Company},
	Author = {Ronald E. Sorace and Victor S. Reinhardt and Steven A. Vaughn},
	Day = {16},
	Dayfiled = {28},
	Month = sep,
	Monthfiled = feb,
	Nationality = {United States},
	Number = {5668842},
	Title = {High-Speed Digital-to-{RF} Converter},
	Year = {1997},
	Yearfiled = {1995}}

@patent{IEEEexample:jppat,
	Author = {U. Hideki},
	Day = {20},
	Month = may,
	Nationality = {Japanese},
	Number = {152932/92},
	Title = {Quadrature Modulation Circuit},
	Year = {1992}}

@patent{IEEEexample:frenchpatreq,
	Author = {F. Kowalik and M. Isard},
	Dayfiled = {11},
	Language = {french},
	Monthfiled = jan,
	Nationality = {French},
	Number = {9500261},
	Title = {Estimateur d'un D{\'e}faut de Fonctionnement d'un Modulateur en Quadrature et {\'E}tage de Modulation l'Utilisant},
	Type = {Patent Request},
	Yearfiled = {1995}}

@periodical{IEEEexample:periodical,
	Key = {IEEE},
	Month = aug,
	Title = IEEE_M_PCOM # {, Special Issue on Wireless {ATM}},
	Volume = {3},
	Year = {1996}}

@standard{IEEEexample:standard,
	Address = {Piscataway, NJ},
	Number = {802.11},
	Organization = {IEEE},
	Title = {Wireless {LAN} Medium Access Control {(MAC)} and Physical Layer {(PHY)} Specification},
	Year = {1997}}

@standard{IEEEexample:standardproposed,
	Address = {Washington, DC},
	Institution = {NCITS},
	Revision = {5.2},
	Title = {Fiber Channel Physical Interface ({FC-PI})},
	Type = {Working Draft Proposed Standard},
	Year = {1999}}

@misc{IEEEexample:draftasmisc,
	Author = {I. Widjaja and A. Elwalid},
	Howpublished = {IETF Draft},
	Title = {{MATE}: {MPLS} Adaptive Traffic Engineering},
	Year = {1999}}

@misc{IEEEexample:miscforum,
	Author = {L. Roberts},
	Howpublished = {{ATM} Forum Contribution 94-0735R1},
	Month = aug,
	Title = {Enhanced Proportional Rate Control Algorithm {PRCA}},
	Year = {1994}}

@misc{IEEEexample:whitepaper,
	Howpublished = {White Paper},
	Month = may,
	Organization = {Cisco},
	Title = {Advanced {QoS} Services for the Intelligent Internet},
	Year = {1997}}

@misc{IEEEexample:datasheet,
	Address = {Mezzovico, Switzerland},
	Organization = {Opto Speed SA},
	Title = {{PDCA12-70} Data Sheet}}

@misc{IEEEexample:private,
	Author = {S. Konyagin},
	Howpublished = {private communication},
	Year = {1998}}

@misc{IEEEexample:miscrfc,
	Author = {K. K. Ramakrishnan and S. Floyd},
	Howpublished = {RFC 2481},
	Month = jan,
	Title = {A Proposal to Add Explicit Congestion Notification ({ECN}) to {IP}},
	Year = {1999}}

@manual{IEEEexample:softmanual,
	Address = {Beaverton, OR},
	Note = {Release 4.3},
	Organization = {Analogy, Inc.},
	Title = {SaberDesigner Reference Manual},
	Year = {1998}}

@electronic{IEEEexample:softonline,
	Key = {ns},
	Title = {Ucb/lbnl/vint Network Simulator---ns (Version 2)},
	Url = {http://www-mash.cs.berkeley.edu/ns/},
	Bdsk-Url-1 = {http://www-mash.cs.berkeley.edu/ns/}}

@misc{IEEEexample:miscgermanreg,
	Howpublished = {{M}e{\ss}vorschrift {R}eg {TP} {MV} 05},
	Language = {german},
	Organization = {Regulierungsbeh{\"o}rde f{\"u}r {T}elekommunikation und {P}ost ({R}eg {TP})},
	Title = {{M}essung von {S}t{\"o}rfeldern an {A}nlagen und {L}eitungen der {T}elekommunikation im {F}requenzbereich 9 {kHz} bis 3 {GHz}}}

@article{IEEEexample:bluebookarticle,
	Author = {{Consulative Committee for Space Data Systems (CCSDS)}},
	Journal = {Blue Book},
	Number = {4},
	Title = {Telemetry Channel Coding},
	Url = {http://www.ccsds.org/documents/pdf/CCSDS-101.0-B-4.pdf},
	Year = {1999},
	Bdsk-Url-1 = {http://www.ccsds.org/documents/pdf/CCSDS-101.0-B-4.pdf}}

@book{IEEEexample:bluebookbook,
	Address = {Newport Beach, {CA}},
	Author = {{Consulative Committee for Space Data Systems (CCSDS)}},
	Number = {4},
	Publisher = {{CCSDS}},
	Series = {Blue Book},
	Title = {Telemetry Channel Coding},
	Url = {http://www.ccsds.org/documents/pdf/CCSDS-101.0-B-4.pdf},
	Year = {1999},
	Bdsk-Url-1 = {http://www.ccsds.org/documents/pdf/CCSDS-101.0-B-4.pdf}}

@manual{IEEEexample:bluebookmanual,
	Address = {Newport Beach, CA},
	Howpublished = {ser. Blue Book, No. 4},
	Organization = {Consulative Committee for Space Data Systems (CCSDS)},
	Title = {Telemetry Channel Coding},
	Url = {http://www.ccsds.org/documents/pdf/CCSDS-101.0-B-4.pdf},
	Year = {1999},
	Bdsk-Url-1 = {http://www.ccsds.org/documents/pdf/CCSDS-101.0-B-4.pdf}}

@standard{IEEEexample:bluebookstandard,
	Address = {Newport Beach, CA},
	Howpublished = {ser. Blue Book, No. 4},
	Month = May,
	Number = {101.0-B-4},
	Organization = {Consulative Committee for Space Data Systems (CCSDS)},
	Title = {Telemetry Channel Coding},
	Type = {Recommendation for Space Data System Standard},
	Url = {http://www.ccsds.org/documents/pdf/CCSDS-101.0-B-4.pdf},
	Year = {1999},
	Bdsk-Url-1 = {http://www.ccsds.org/documents/pdf/CCSDS-101.0-B-4.pdf}}

@ieeetranbstctl{IEEEexample:BSTcontrol,
	Ctlalt_Stretch_Factor = {4},
	Ctldash_Repeated_Names = {yes},
	Ctlmax_Names_Forced_Etal = {10},
	Ctlname_Format_String = {{f.~}{vv~}{ll}{, jj}},
	Ctlname_Url_Prefix = {[Online]. Available:},
	Ctlnames_Show_Etal = {1},
	Ctluse_Alt_Spacing = {yes},
	Ctluse_Article_Number = {yes},
	Ctluse_Forced_Etal = {no},
	Ctluse_Paper = {yes},
	Ctluse_Url = {yes}}
